<record><leader>00000cas a22000007a 4500</leader><controlfield tag="001">12928998</controlfield><controlfield tag="008">851218d19571958iauwr ne      0    0eng d</controlfield><datafield ind1=" " ind2=" " tag="010"><subfield code="a">sn 85049882 </subfield></datafield><datafield ind1=" " ind2=" " tag="040"><subfield code="a">INP</subfield><subfield code="b">eng</subfield><subfield code="c">INP</subfield><subfield code="d">OCLCQ</subfield></datafield><datafield ind1=" " ind2=" " tag="042"><subfield code="a">msc</subfield></datafield><datafield ind1="0" ind2=" " tag="130"><subfield code="a">Le Mars sentinel (Le Mars, Iowa : 1957)</subfield></datafield><datafield ind1="1" ind2="0" tag="245"><subfield code="a">Le Mars sentinel.</subfield></datafield><datafield ind1="3" ind2="0" tag="246"><subfield code="a">LeMars sentinel</subfield></datafield><datafield ind1="1" ind2="3" tag="246"><subfield code="a">Sentinel, Le Mars, Ia</subfield></datafield><datafield ind1=" " ind2=" " tag="260"><subfield code="a">Le Mars, Iowa :</subfield><subfield code="b">Chan and Carter Pitts,</subfield><subfield code="c">1957-1958.</subfield></datafield><datafield ind1=" " ind2=" " tag="300"><subfield code="a">2 v. :</subfield><subfield code="b">ill.</subfield></datafield><datafield ind1=" " ind2=" " tag="310"><subfield code="a">Weekly</subfield></datafield><datafield ind1="0" ind2=" " tag="362"><subfield code="a">Vol. 86, no. 28 (July 11, 1957)-v. 87, no. 33 (Aug. 14, 1958).</subfield></datafield><datafield ind1=" " ind2=" " tag="500"><subfield code="a">Editor: Chan Pitts.</subfield></datafield><datafield ind1=" " ind2=" " tag="752"><subfield code="a">United States</subfield><subfield code="b">Iowa</subfield><subfield code="c">Plymouth</subfield><subfield code="d">Le Mars.</subfield></datafield><datafield ind1="0" ind2="0" tag="780"><subfield code="t">Mars Wednesday sentinel</subfield><subfield code="w">(DLC)sn 85049881</subfield></datafield><datafield ind1="0" ind2="5" tag="780"><subfield code="t">Floyd Valley farmers news</subfield><subfield code="w">(DLC)sn 87057065</subfield></datafield><datafield ind1="0" ind2="0" tag="785"><subfield code="t">Mars daily sentinel (Le Mars, Iowa : 1958)</subfield><subfield code="w">(DLC)sn 85049883</subfield></datafield><datafield ind1="1" ind2=" " tag="029"><subfield code="a">AU@</subfield><subfield code="b">000025786186</subfield></datafield></record>